@misc{wikipediaP300,
	title = "P300 (neuroscience)",
	howpublished = "\url{https://en.wikipedia.org/wiki/P300_(neuroscience)}"
}

@misc{wikipediaFreqBand,
	title = "Frequency band",
	howpublished = "\url{https://en.wikipedia.org/wiki/Frequency_band}"
}

@misc{jemEngFreqBand,
	title = "Frequency band",
	howpublished = "\url{https://www.jemengineering.com/blog-frequency-bands-and-applications/}"
}

@misc{wikiEEGFreqBand,
	title = "Frequency band",
	howpublished = "\url{https://en.wikipedia.org/wiki/Electroencephalography}"
}

@book{EEGFreqBand2,
	title     = "Recommendations for the Practice of Clinical Neurophysiology: Guidelines of the International Federation of Clinical Physiology (EEG Suppl. 52)",
	edditors    = "G. Deuschl and A. Eisen q",
	year      = "1999",
	publisher = "Elsevier Science B.V.",

}

@book{EEGFreqBand3,
	title     = "Automatic detection of sleep apnea events based on inter-band energy ratio
	obtained from multi-band EEG signal",
	author    = "Suvasish Saha, Arnab Bhattacharjee, Shaikh Anowarul Fattah",
	year      = "2018",
	publisher = "Healthcare Technology Letters",
	
}

@book{EEGFreqBand4,
	title     = "The utility of EEG band power analysis in the study of infancy and early childhood",
	author    = "Joni N Saby, Peter J Marshall",
	year      = "2021",
	volumn    = "37",
}

@misc{EEGSamplingRate,
	title = "EEG Sampling Rate",
	howpublished = "\url{https://www.ebme.co.uk/articles/clinical-engineering/introduction-to-eeg}"
}












@online{ali,
	title     = "test",
	url       = "https://en.wikipedia.org/wiki/P300_(neuroscience)",
}

@article{einstein,
	author =       "Albert Einstein",
	title =        ". ()
	[ the electrodynamics of moving bodies]",
	journal =      "Annalen der Physik",
	volume =       "322",
	number =       "10",
	pages =        "891--921",
	year =         "1905",
	DOI =          "http://dx.doi.org/10.1002/andp.19053221004",
	keywords =     "physics"
}


@book{latexcompanion,
	author    = "Michel Goossens and Frank Mittelbach and Alexander Samarin",
	title     = "The \LaTeX\ Companion",
	year      = "1993",
	publisher = "Addison-Wesley",
	address   = "Reading, Massachusetts",
	keywords  = "latex"
}